<?xml version="1.0" encoding="UTF-8"?><collection xmlns="http://www.loc.gov/MARC21/slim"><record><leader>00607nam--2200169-i-4500</leader><controlfield tag="001">000018753</controlfield><controlfield tag="002">20161230</controlfield><controlfield tag="005">20161230201032</controlfield><controlfield tag="008">060222s1000------------r-----000-0-eng-d</controlfield><datafield ind1=" " ind2=" " tag="040"><subfield code="a">IFIN-HH</subfield></datafield><datafield ind1=" " ind2=" " tag="080"><subfield code="a">533.9(061.3)</subfield></datafield><datafield ind1="1" ind2=" " tag="110"><subfield code="a">French Ministry Of Scientific Research And Atomic And Spatial Problems</subfield></datafield><datafield ind1="1" ind2="0" tag="245"><subfield code="a">Physique des semiconducteurs comptes rendus du 7-e congres international; physics of semiconductors proceedings of the seventh international conference paris, 1964</subfield></datafield><datafield ind1=" " ind2=" " tag="260"><subfield code="a">PARIS</subfield><subfield code="b">DUNOD EDITEURS</subfield><subfield code="c">1964</subfield></datafield><datafield ind1=" " ind2=" " tag="300"><subfield code="a">1368P</subfield></datafield><datafield ind1=" " ind2=" " tag="852"><subfield code="a">21646</subfield><subfield code="c">537.311.33</subfield></datafield><datafield ind1=" " ind2=" " tag="CAT"><subfield code="a">Sys</subfield><subfield code="c">20110719</subfield><subfield code="h">143642</subfield></datafield></record></collection>